#------------------------------------------------------------------------------
# Attacks on Cryptographic Hardwdare
#------------------------------------------------------------------------------

@inproceedings{Barthou:1998,
 author = {Barthou, Denis and Cohen, Albert and Collard, Jean-Fran\c{c}ois},
 title = {Maximal Static Expansion},
 booktitle = {Proceedings of the 25th ACM SIGPLAN-SIGACT Symposium on Principles of Programming Languages},
 series = {POPL '98},
 year = {1998},
 isbn = {0-89791-979-3},
 location = {San Diego, California, USA},
 pages = {98--106},
 numpages = {9},
 url = {http://doi.acm.org/10.1145/268946.268955},
 doi = {10.1145/268946.268955},
 acmid = {268955},
 publisher = {ACM},
 address = {New York, NY, USA},
 keywords = {expansion of data structure, privatization, single assignment},
} 

@inproceedings{Pering:1998,
 author = {Pering, Trevor and Burd, Tom and Brodersen, Robert},
 title = {The Simulation and Evaluation of Dynamic Voltage Scaling Algorithms},
 booktitle = {Proceedings of the 1998 International Symposium on Low Power Electronics and Design},
 series = {ISLPED '98},
 year = {1998},
 isbn = {1-58113-059-7},
 location = {Monterey, California, USA},
 pages = {76--81},
 numpages = {6},
 url = {http://doi.acm.org/10.1145/280756.280790},
 doi = {10.1145/280756.280790},
 acmid = {280790},
 publisher = {ACM},
 address = {New York, NY, USA},
} 

@techreport{Molnar:1994,
 author = {Molnar, Charles E. and Sproull, Robert F. and Sutherland, Ivan E.},
 title = {Counterflow Pipeline Processor Architecture},
 year = {1994},
 publisher = {Sun Microsystems, Inc.},
 address = {Mountain View, CA, USA},
} 
